% References
@InProceedings{falanga2017ssrr,
	author		= {Falanga, Davide and Zanchettin, Alessio and Simovic, Alessandro and Delmerico, Jeffrey and Scaramuzza, Davide},
	title		= {Vision-based Autonomous Quadrotor Landing on a Moving Platform},
	booktitle	= {International Symposium on Safety, Security, and Rescue Robotics},
	year		= {2017},
	organization= {IEEE},
	pages		= {200--207},
}